@book{Exploratory-data-analysis,
	title={Exploratory data analysis},
	author={Tukey, J. W},
	year={1977},
	publisher={Addison-Wesley}
}

@ARTICLE{4160265,
  author={Hunter, John D.},
  journal={Computing in Science   Engineering}, 
  title={Matplotlib: A 2D Graphics Environment}, 
  year={2007},
  volume={9},
  number={3},
  pages={90-95},
  doi={10.1109/MCSE.2007.55}}
  
@inproceedings{ujiindoor-data,
author = {Torres-Sospedra, Joaquín and Montoliu, Raul and Martínez-Usó, Adolfo and Avariento, Joan and Arnau, Tomas and Benedito-Bordonau, Mauri and Huerta, Joaquín},
year = {2014},
month = {10},
pages = {},
title = {UJIIndoorLoc: A new multi-building and multi-floor database for WLAN fingerprint-based indoor localization problems},
doi = {10.1109/IPIN.2014.7275492}
}


@article{svetina2005increase,
  title={How to increase sales in retail with market basket analysis},
  author={Svetina, Marko and Zupan{\v{c}}i{\v{c}}, Jo{\v{z}}e},
  journal={Systems Integration},
  pages={418--428},
  year={2005}
  
}
@online{android-wifi-manager,
	title = {{Android WiFi Manager}},
	url = {http://developer.android.com/reference/android/net/wifi/WifiManager.html},
	urldate = {\today}
}
@online{android-wifi-getscan-method,
	title = {{Android WiFi GetScan Method}},
	url = {http://developer.android.com/reference/android/net/wifi/ScanResult.html},
	urldate = {\today}
}

@INPROCEEDINGS{1331706,
  author={Kaemarungsi, K. and Krishnamurthy, P.},
  booktitle={The First Annual International Conference on Mobile and Ubiquitous Systems: Networking and Services, 2004. MOBIQUITOUS 2004.}, 
  title={Properties of indoor received signal strength for WLAN location fingerprinting}, 
  year={2004},
  volume={},
  number={},
  pages={14-23},
  doi={10.1109/MOBIQ.2004.1331706}}
  
@article{mohammadi2017semisupervised,
  title={Semisupervised deep reinforcement learning in support of IoT and smart city services},
  author={Mohammadi, Mehdi and Al-Fuqaha, Ala and Guizani, Mohsen and Oh, Jun-Seok},
  journal={IEEE Internet of Things Journal},
  volume={5},
  number={2},
  pages={624--635},
  year={2017},
  publisher={IEEE}
}

@article{wold1987principal,
  title={Principal component analysis},
  author={Wold, Svante and Esbensen, Kim and Geladi, Paul},
  journal={Chemometrics and intelligent laboratory systems},
  volume={2},
  number={1-3},
  pages={37--52},
  year={1987},
  publisher={Elsevier}
}

@inproceedings{howley2005effect,
  title={The effect of principal component analysis on machine learning accuracy with high dimensional spectral data},
  author={Howley, Tom and Madden, Michael G and O’Connell, Marie-Louise and Ryder, Alan G},
  booktitle={International Conference on Innovative Techniques and Applications of Artificial Intelligence},
  pages={209--222},
  year={2005},
  organization={Springer}
}

@article{jablonski2015principal,
  title={Principal component reconstruction error for hyperspectral anomaly detection},
  author={Jablonski, James A and Bihl, Trevor J and Bauer, Kenneth W},
  journal={IEEE Geoscience and Remote Sensing Letters},
  volume={12},
  number={8},
  pages={1725--1729},
  year={2015},
  publisher={IEEE}
}

@article{torres2017realistic,
  title={A realistic evaluation of indoor positioning systems based on Wi-Fi fingerprinting: The 2015 EvAAL--ETRI competition},
  author={Torres-Sospedra, Joaqu{\'\i}n and Moreira, Adriano and Knauth, Stefan and Berkvens, Rafael and Montoliu, Raul and Belmonte, Oscar and Trilles, Sergio and Joao Nicolau, Maria and Meneses, Filipe and Costa, Ant{\'o}nio and others},
  journal={Journal of ambient intelligence and smart environments},
  volume={9},
  number={2},
  pages={263--279},
  year={2017},
  publisher={IOS press}
}

@inproceedings{potorti2015evaluating,
  title={Evaluating indoor localization solutions in large environments through competitive benchmarking: The EvAAL-ETRI competition},
  author={Potort{\`\i}, Francesco and Barsocchi, Paolo and Girolami, Michele and Torres-Sospedra, Joaqu{\'\i}n and Montoliu, Ra{\'u}l},
  booktitle={2015 International Conference on Indoor Positioning and Indoor Navigation (IPIN)},
  pages={1--10},
  year={2015},
  organization={IEEE}
}

@article{janssen2009understanding,
  title={Understanding coordinate reference systems, datums and transformations},
  author={Janssen, V},
  journal={International Journal of Geoinformatics},
  volume={5},
  number={4},
  pages={41--53},
  year={2009}
}

@article{eidleman1995z,
  title={Z scores-A Guide to failure prediction},
  author={Eidleman, Gregory J},
  journal={The CPA Journal},
  volume={65},
  number={2},
  pages={52},
  year={1995},
  publisher={New York State Society of Certified Public Accountants}
}

@article{alexopoulos2010introduction,
  title={Introduction to multivariate regression analysis},
  author={Alexopoulos, Evangelos C},
  journal={Hippokratia},
  volume={14},
  number={Suppl 1},
  pages={23},
  year={2010},
  publisher={Hippokratio General Hospital of Thessaloniki}
}

@article{moore2017super,
  title={Super-accurate GPS coming to smartphones in 2018 [News]},
  author={Moore, Samuel K},
  journal={IEEE Spectrum},
  volume={54},
  number={11},
  pages={10--11},
  year={2017},
  publisher={IEEE}
}

@article{mulloni2009indoor,
  title={Indoor positioning and navigation with camera phones},
  author={Mulloni, Alessandro and Wagner, Daniel and Barakonyi, Istvan and Schmalstieg, Dieter},
  journal={IEEE Pervasive Computing},
  volume={8},
  number={2},
  pages={22--31},
  year={2009},
  publisher={IEEE}
}

@inproceedings{huey2011augmented,
  title={Augmented reality based indoor positioning navigation tool},
  author={Huey, Low Chee and Sebastian, Patrick and Drieberg, Micheal},
  booktitle={2011 IEEE Conference on Open Systems},
  pages={256--260},
  year={2011},
  organization={IEEE}
}

@inproceedings{sun2014wifi,
  title={WiFi signal strength-based robot indoor localization},
  author={Sun, Yuxiang and Liu, Ming and Meng, Max Q-H},
  booktitle={2014 IEEE International Conference on Information and Automation (ICIA)},
  pages={250--256},
  year={2014},
  organization={IEEE}
}

@inproceedings{chen2009dynamic,
  title={Dynamic indoor localization based on active rfid for healthcare applications: a shape constraint approach},
  author={Chen, Wei-Hong and Chang, Herbert H and Lin, Tzong-Huei and Chen, Po-Chou and Chen, LK and Hwang, SJ and Yen, DHJ and Yuan, Hanna S and Chu, Woei C},
  booktitle={2009 2nd International Conference on Biomedical Engineering and Informatics},
  pages={1--5},
  year={2009},
  organization={IEEE}
}

@article{wyffels2014distributed,
  title={Distributed, signal strength-based indoor localization algorithm for use in healthcare environments},
  author={Wyffels, Jeroen and De Brabanter, Jos and Crombez, Pieter and Verhoeve, Piet and Nauwelaers, Bart and De Strycker, Lieven},
  journal={IEEE journal of biomedical and health informatics},
  volume={18},
  number={6},
  pages={1887--1893},
  year={2014},
  publisher={IEEE}
}

@inproceedings{asimakopoulou2011buildings,
  title={Buildings and crowds: Forming smart cities for more effective disaster management},
  author={Asimakopoulou, Eleana and Bessis, Nik},
  booktitle={2011 Fifth International Conference on Innovative Mobile and Internet Services in Ubiquitous Computing},
  pages={229--234},
  year={2011},
  organization={IEEE}
}

@inproceedings{borrion2012countering,
  title={Countering Bioterrorism: Why smart buildings should have a code of ethics},
  author={Borrion, Herv{\'e} and Mitchener-Nissen, Timothy and Taylor, Jonathon and Lai, Ka-Man},
  booktitle={2012 European Intelligence and Security Informatics Conference},
  pages={68--75},
  year={2012},
  organization={IEEE}
}

@inproceedings{zelenkauskaite2012interconnectedness,
  title={Interconnectedness of complex systems of internet of things through social network analysis for disaster management},
  author={Zelenkauskaite, Asta and Bessis, Nik and Sotiriadis, Stelios and Asimakopoulou, Eleana},
  booktitle={2012 Fourth International Conference on Intelligent Networking and Collaborative Systems},
  pages={503--508},
  year={2012},
  organization={IEEE}
}

@article{atzori2010internet,
  title={" The internet of things: A survey," Computer Networks, vol. 54, no. 15, pp. 2787-2805},
  author={Atzori, L and Iera, A and Morabito, G},
  year={2010}
}

@article{hashem2016role,
  title={The role of big data in smart city},
  author={Hashem, Ibrahim Abaker Targio and Chang, Victor and Anuar, Nor Badrul and Adewole, Kayode and Yaqoob, Ibrar and Gani, Abdullah and Ahmed, Ejaz and Chiroma, Haruna},
  journal={International Journal of information management},
  volume={36},
  number={5},
  pages={748--758},
  year={2016},
  publisher={Elsevier}
}

@article{lee2004network,
  title={Network-based fire-detection system via controller area network for smart home automation},
  author={Lee, Kyung Chang and Lee, Hong-Hee},
  journal={IEEE Transactions on Consumer Electronics},
  volume={50},
  number={4},
  pages={1093--1100},
  year={2004},
  publisher={IEEE}
}

@article{siano2014demand,
  title={Demand response and smart grids—A survey},
  author={Siano, Pierluigi},
  journal={Renewable and sustainable energy reviews},
  volume={30},
  pages={461--478},
  year={2014},
  publisher={Elsevier}
}

@article{taleb2012machine,
  title={Machine type communications in 3GPP networks: potential, challenges, and solutions},
  author={Taleb, Tarik and Kunz, Andreas},
  journal={IEEE Communications Magazine},
  volume={50},
  number={3},
  pages={178--184},
  year={2012},
  publisher={IEEE}
}

@article{sadowski2018rssi,
  title={Rssi-based indoor localization with the internet of things},
  author={Sadowski, Sebastian and Spachos, Petros},
  journal={IEEE Access},
  volume={6},
  pages={30149--30161},
  year={2018},
  publisher={IEEE}
}

@article{jang2018indoor,
  title={Indoor positioning technologies without offline fingerprinting map: A survey},
  author={Jang, Beakcheol and Kim, Hyunjung},
  journal={IEEE Communications Surveys \& Tutorials},
  volume={21},
  number={1},
  pages={508--525},
  year={2018},
  publisher={IEEE}
}

@inproceedings{youssef2005horus,
  title={The Horus WLAN location determination system},
  author={Youssef, Moustafa and Agrawala, Ashok},
  booktitle={Proceedings of the 3rd international conference on Mobile systems, applications, and services},
  pages={205--218},
  year={2005}
}

@inproceedings{liu2012push,
  title={Push the limit of WiFi based localization for smartphones},
  author={Liu, Hongbo and Gan, Yu and Yang, Jie and Sidhom, Simon and Wang, Yan and Chen, Yingying and Ye, Fan},
  booktitle={Proceedings of the 18th annual international conference on Mobile computing and networking},
  pages={305--316},
  year={2012}
}

@inproceedings{belmannoubi2019stacked,
  title={Stacked auto-encoder for scalable indoor localization in wireless sensor networks},
  author={BelMannoubi, Souad and Touati, Haifa and Snoussi, Hichem},
  booktitle={2019 15th International Wireless Communications \& Mobile Computing Conference (IWCMC)},
  pages={1245--1250},
  year={2019},
  organization={IEEE}
}

@article{yang2013rssi,
  title={From RSSI to CSI: Indoor localization via channel response},
  author={Yang, Zheng and Zhou, Zimu and Liu, Yunhao},
  journal={ACM Computing Surveys (CSUR)},
  volume={46},
  number={2},
  pages={1--32},
  year={2013},
  publisher={ACM New York, NY, USA}
}

@inproceedings{castro2001probabilistic,
  title={A probabilistic room location service for wireless networked environments},
  author={Castro, Paul and Chiu, Patrick and Kremenek, Ted and Muntz, Richard},
  booktitle={International conference on ubiquitous computing},
  pages={18--34},
  year={2001},
  organization={Springer}
}

@inproceedings{haeberlen2004practical,
  title={Practical robust localization over large-scale 802.11 wireless networks},
  author={Haeberlen, Andreas and Flannery, Eliot and Ladd, Andrew M and Rudys, Algis and Wallach, Dan S and Kavraki, Lydia E},
  booktitle={Proceedings of the 10th annual international conference on Mobile computing and networking},
  pages={70--84},
  year={2004}
}

@inproceedings{krishnan2004system,
  title={A system for LEASE: Location estimation assisted by stationary emitters for indoor RF wireless networks},
  author={Krishnan, Parameshwaran and Krishnakumar, AS and Ju, Wen-Hua and Mallows, Colin and Gamt, Sachin},
  booktitle={IEEE infocom 2004},
  volume={2},
  pages={1001--1011},
  year={2004},
  organization={IEEE}
}

@article{ladd2005robotics,
  title={Robotics-based location sensing using wireless ethernet},
  author={Ladd, Andrew M and Bekris, Kostas E and Rudys, Algis and Kavraki, Lydia E and Wallach, Dan S},
  journal={Wireless networks},
  volume={11},
  number={1},
  pages={189--204},
  year={2005},
  publisher={Springer}
}

@inproceedings{xiao2013pilot,
  title={Pilot: Passive device-free indoor localization using channel state information},
  author={Xiao, Jiang and Wu, Kaishun and Yi, Youwen and Wang, Lu and Ni, Lionel M},
  booktitle={2013 IEEE 33rd International Conference on Distributed Computing Systems},
  pages={236--245},
  year={2013},
  organization={IEEE}
}

@article{zafari2015microlocation,
  title={Microlocation for internet-of-things-equipped smart buildings},
  author={Zafari, Faheem and Papapanagiotou, Ioannis and Christidis, Konstantinos},
  journal={IEEE Internet of Things Journal},
  volume={3},
  number={1},
  pages={96--112},
  year={2015},
  publisher={IEEE}
}

@article{liu2007survey,
  title={Survey of wireless indoor positioning techniques and systems},
  author={Liu, Hui and Darabi, Houshang and Banerjee, Pat and Liu, Jing},
  journal={IEEE Transactions on Systems, Man, and Cybernetics, Part C (Applications and Reviews)},
  volume={37},
  number={6},
  pages={1067--1080},
  year={2007},
  publisher={IEEE}
}



@book{dargie2010fundamentals,
  title={Fundamentals of wireless sensor networks: theory and practice},
  author={Dargie, Waltenegus and Poellabauer, Christian},
  year={2010},
  publisher={John Wiley \& Sons}
}

@article{centenaro2016long,
  title={Long-range communications in unlicensed bands: The rising stars in the IoT and smart city scenarios},
  author={Centenaro, Marco and Vangelista, Lorenzo and Zanella, Andrea and Zorzi, Michele},
  journal={IEEE Wireless Communications},
  volume={23},
  number={5},
  pages={60--67},
  year={2016},
  publisher={IEEE}
}

@article{adame2014ieee,
  title={IEEE 802.11 AH: the WiFi approach for M2M communications},
  author={Adame, Toni and Bel, Albert and Bellalta, Boris and Barcelo, Jaume and Oliver, Miquel},
  journal={IEEE Wireless Communications},
  volume={21},
  number={6},
  pages={144--152},
  year={2014},
  publisher={IEEE}
}

@inproceedings{vasisht2016decimeter,
  title={Decimeter-level localization with a single WiFi access point},
  author={Vasisht, Deepak and Kumar, Swarun and Katabi, Dina},
  booktitle={13th $\{$USENIX$\}$ Symposium on Networked Systems Design and Implementation ($\{$NSDI$\}$ 16)},
  pages={165--178},
  year={2016}
}

@inproceedings{kumar2014accurate,
  title={Accurate indoor localization with zero start-up cost},
  author={Kumar, Swarun and Gil, Stephanie and Katabi, Dina and Rus, Daniela},
  booktitle={Proceedings of the 20th annual international conference on Mobile computing and networking},
  pages={483--494},
  year={2014}
}

@inproceedings{xiong2013arraytrack,
  title={Arraytrack: A fine-grained indoor location system},
  author={Xiong, Jie and Jamieson, Kyle},
  booktitle={10th $\{$USENIX$\}$ Symposium on Networked Systems Design and Implementation ($\{$NSDI$\}$ 13)},
  pages={71--84},
  year={2013}
}

@inproceedings{kotaru2015spotfi,
  title={Spotfi: Decimeter level localization using wifi},
  author={Kotaru, Manikanta and Joshi, Kiran and Bharadia, Dinesh and Katti, Sachin},
  booktitle={Proceedings of the 2015 ACM Conference on Special Interest Group on Data Communication},
  pages={269--282},
  year={2015}
}

@article{paul2009rssi,
  title={RSSI-based indoor localization and tracking using sigma-point Kalman smoothers},
  author={Paul, Anindya S and Wan, Eric A},
  journal={IEEE Journal of selected topics in signal processing},
  volume={3},
  number={5},
  pages={860--873},
  year={2009},
  publisher={IEEE}
}

@inproceedings{jiang2012ariel,
  title={Ariel: Automatic wi-fi based room fingerprinting for indoor localization},
  author={Jiang, Yifei and Pan, Xin and Li, Kun and Lv, Qin and Dick, Robert P and Hannigan, Michael and Shang, Li},
  booktitle={Proceedings of the 2012 ACM conference on ubiquitous computing},
  pages={441--450},
  year={2012}
}

@article{woo2011application,
  title={Application of WiFi-based indoor positioning system for labor tracking at construction sites: A case study in Guangzhou MTR},
  author={Woo, Sunkyu and Jeong, Seongsu and Mok, Esmond and Xia, Linyuan and Choi, Changsu and Pyeon, Muwook and Heo, Joon},
  journal={Automation in Construction},
  volume={20},
  number={1},
  pages={3--13},
  year={2011},
  publisher={Elsevier}
}

@inproceedings{chintalapudi2010indoor,
  title={Indoor localization without the pain},
  author={Chintalapudi, Krishna and Padmanabha Iyer, Anand and Padmanabhan, Venkata N},
  booktitle={Proceedings of the sixteenth annual international conference on Mobile computing and networking},
  pages={173--184},
  year={2010}
}


@inproceedings{liu2011wifi,
  title={WiFi-based indoor positioning for multi-floor environment},
  author={Liu, Hung-Huan and Yang, Yu-Non},
  booktitle={TENCON 2011-2011 IEEE Region 10 Conference},
  pages={597--601},
  year={2011},
  organization={IEEE}
}

@article{feng2011received,
  title={Received-signal-strength-based indoor positioning using compressive sensing},
  author={Feng, Chen and Au, Wain Sy Anthea and Valaee, Shahrokh and Tan, Zhenhui},
  journal={IEEE Transactions on mobile computing},
  volume={11},
  number={12},
  pages={1983--1993},
  year={2011},
  publisher={IEEE}
}

@inproceedings{cypriani2009open,
  title={Open wireless positioning system: a Wi-Fi-based indoor positioning system},
  author={Cypriani, Matteo and Lassabe, Fr{\'e}d{\'e}ric and Canalda, Philippe and Spies, Fran{\c{c}}ois},
  booktitle={2009 IEEE 70th Vehicular Technology Conference Fall},
  pages={1--5},
  year={2009},
  organization={IEEE}
}

@inproceedings{zou2014online,
  title={An online sequential extreme learning machine approach to WiFi based indoor positioning},
  author={Zou, Han and Jiang, Hao and Lu, Xiaoxuan and Xie, Lihua},
  booktitle={2014 IEEE World Forum on Internet of Things (WF-IoT)},
  pages={111--116},
  year={2014},
  organization={IEEE}
}

@inproceedings{ciurana2007wlan,
  title={WLAN indoor positioning based on TOA with two reference points},
  author={Ciurana, Marc and Cugno, Sebastiano and Barcelo-Arroyo, Francisco},
  booktitle={2007 4th Workshop on Positioning, Navigation and Communication},
  pages={23--28},
  year={2007},
  organization={IEEE}
}
  
@inproceedings{hoang2013parameter,
  title={Parameter estimation and classification of censored Gaussian data with application to WiFi indoor positioning},
  author={Hoang, Manh Kha and Haeb-Umbach, Reinhold},
  booktitle={2013 IEEE International Conference on Acoustics, Speech and Signal Processing},
  pages={3721--3725},
  year={2013},
  organization={IEEE}
}

@inproceedings{kang2012improved,
  title={Improved heading estimation for smartphone-based indoor positioning systems},
  author={Kang, Wonho and Nam, Seongho and Han, Youngnam and Lee, Sookjin},
  booktitle={2012 IEEE 23rd International Symposium on Personal, Indoor and Mobile Radio Communications-(PIMRC)},
  pages={2449--2453},
  year={2012},
  organization={IEEE}
}

@online{apple-ibeacon,
	title = {{iBeacon}},
	url = {https://developer.apple.com/ibeacon/},
	urldate = {\today}
}

@article{baronti2007wireless,
  title={Wireless sensor networks: A survey on the state of the art and the 802.15. 4 and ZigBee standards},
  author={Baronti, Paolo and Pillai, Prashant and Chook, Vince WC and Chessa, Stefano and Gotta, Alberto and Hu, Y Fun},
  journal={Computer communications},
  volume={30},
  number={7},
  pages={1655--1695},
  year={2007},
  publisher={Elsevier}
}

@inproceedings{holm2009hybrid,
  title={Hybrid ultrasound-RFID indoor positioning: Combining the best of both worlds},
  author={Holm, Sverre},
  booktitle={2009 IEEE International Conference on RFID},
  pages={155--162},
  year={2009},
  organization={IEEE}
}

@inproceedings{kuo2014luxapose,
  title={Luxapose: Indoor positioning with mobile phones and visible light},
  author={Kuo, Ye-Sheng and Pannuto, Pat and Hsiao, Ko-Jen and Dutta, Prabal},
  booktitle={Proceedings of the 20th annual international conference on Mobile computing and networking},
  pages={447--458},
  year={2014}
}

@article{armstrong2013visible,
  title={Visible light positioning: a roadmap for international standardization},
  author={Armstrong, Jean and Sekercioglu, Y Ahmet and Neild, Adrian},
  journal={IEEE Communications Magazine},
  volume={51},
  number={12},
  pages={68--73},
  year={2013},
  publisher={IEEE}
}

@inproceedings{liu2013guoguo,
  title={Guoguo: Enabling fine-grained indoor localization via smartphone},
  author={Liu, Kaikai and Liu, Xinxin and Li, Xiaolin},
  booktitle={Proceeding of the 11th annual international conference on Mobile systems, applications, and services},
  pages={235--248},
  year={2013}
}

@article{huang2014swadloon,
  title={Swadloon: Direction finding and indoor localization using acoustic signal by shaking smartphones},
  author={Huang, Wenchao and Xiong, Yan and Li, Xiang-Yang and Lin, Hao and Mao, XuFei and Yang, Panlong and Liu, Yunhao and Wang, Xingfu},
  journal={IEEE Transactions on Mobile Computing},
  volume={14},
  number={10},
  pages={2145--2157},
  year={2014},
  publisher={IEEE}
}

@article{zafari2019survey,
  title={A survey of indoor localization systems and technologies},
  author={Zafari, Faheem and Gkelias, Athanasios and Leung, Kin K},
  journal={IEEE Communications Surveys \& Tutorials},
  volume={21},
  number={3},
  pages={2568--2599},
  year={2019},
  publisher={IEEE}
}

@inproceedings{yean2020feature,
  title={Feature Engineering for Grid-based Multi-Floor Indoor Localisation using Machine Learning},
  author={Yean, Senglidet and Lee, Bu-Sung and Oh, Hong Lye},
  booktitle={2020 International Conference on Intelligent Data Science Technologies and Applications (IDSTA)},
  pages={142--148},
  year={2020},
  organization={IEEE}
}
@inproceedings{sklearn-api,
  author    = {Lars Buitinck and Gilles Louppe and Mathieu Blondel and
               Fabian Pedregosa and Andreas Mueller and Olivier Grisel and
               Vlad Niculae and Peter Prettenhofer and Alexandre Gramfort
               and Jaques Grobler and Robert Layton and Jake VanderPlas and
               Arnaud Joly and Brian Holt and Ga{\"{e}}l Varoquaux},
  title     = {{API} design for machine learning software: experiences from the scikit-learn
               project},
  booktitle = {ECML PKDD Workshop: Languages for Data Mining and Machine Learning},
  year      = {2013},
  pages = {108--122},
}

@article{quinlan1986induction,
  title={Induction of decision trees},
  author={Quinlan, J. Ross},
  journal={Machine learning},
  volume={1},
  number={1},
  pages={81--106},
  year={1986},
  publisher={Springer}
}


@incollection{rokach2005decision,
  title={Decision trees},
  author={Rokach, Lior and Maimon, Oded},
  booktitle={Data mining and knowledge discovery handbook},
  pages={165--192},
  year={2005},
  publisher={Springer}
}

@article{livingston2005implementation,
  title={Implementation of Breiman’s random forest machine learning algorithm},
  author={Livingston, Frederick},
  journal={ECE591Q Machine Learning Journal Paper},
  pages={1--13},
  year={2005}
}

@inproceedings{liu2012new,
  title={New machine learning algorithm: Random forest},
  author={Liu, Yanli and Wang, Yourong and Zhang, Jian},
  booktitle={International Conference on Information Computing and Applications},
  pages={246--252},
  year={2012},
  organization={Springer}
}

@article{breiman2001random,
  title={Random forests},
  author={Breiman, Leo},
  journal={Machine learning},
  volume={45},
  number={1},
  pages={5--32},
  year={2001},
  publisher={Springer}
}

@book{steinwart2008support,
  title={Support vector machines},
  author={Steinwart, Ingo and Christmann, Andreas},
  year={2008},
  publisher={Springer Science \& Business Media}
}

@article{hearst1998support,
  title={Support vector machines},
  author={Hearst, Marti A. and Dumais, Susan T and Osuna, Edgar and Platt, John and Scholkopf, Bernhard},
  journal={IEEE Intelligent Systems and their applications},
  volume={13},
  number={4},
  pages={18--28},
  year={1998},
  publisher={IEEE}
}

@article{campbell2011learning,
  title={Learning with support vector machines},
  author={Campbell, Colin and Ying, Yiming},
  journal={Synthesis lectures on artificial intelligence and machine learning},
  volume={5},
  number={1},
  pages={1--95},
  year={2011},
  publisher={Morgan \& Claypool Publishers}
}

@article{liu2011feature,
  title={Feature selection for support vector machines with RBF kernel},
  author={Liu, Quanzhong and Chen, Chihau and Zhang, Yang and Hu, Zhengguo},
  journal={Artificial Intelligence Review},
  volume={36},
  number={2},
  pages={99--115},
  year={2011},
  publisher={Springer}
}

@incollection{kramer2013k,
  title={K-nearest neighbors},
  author={Kramer, Oliver},
  booktitle={Dimensionality reduction with unsupervised nearest neighbors},
  pages={13--23},
  year={2013},
  publisher={Springer}
}

@article{goldberger2004neighbourhood,
  title={Neighbourhood components analysis},
  author={Goldberger, Jacob and Hinton, Geoffrey E and Roweis, Sam and Salakhutdinov, Russ R},
  journal={Advances in neural information processing systems},
  volume={17},
  year={2004},
  publisher={Citeseer}
}

@article{zhang2016introduction,
  title={Introduction to machine learning: k-nearest neighbors},
  author={Zhang, Zhongheng},
  journal={Annals of translational medicine},
  volume={4},
  number={11},
  year={2016},
  publisher={AME Publications}
}

@book{10.5555/1394399,
author = {Manning, Christopher D. and Raghavan, Prabhakar and Sch\"{u}tze, Hinrich},
title = {Introduction to Information Retrieval},
year = {2008},
isbn = {0521865719},
publisher = {Cambridge University Press},
address = {USA}
}

@inproceedings{kibriya2004multinomial,
  title={Multinomial naive bayes for text categorization revisited},
  author={Kibriya, Ashraf M and Frank, Eibe and Pfahringer, Bernhard and Holmes, Geoffrey},
  booktitle={Australasian Joint Conference on Artificial Intelligence},
  pages={488--499},
  year={2004},
  organization={Springer}
}

@incollection{hinton1990connectionist,
  title={Connectionist learning procedures},
  author={Hinton, Geoffrey E},
  booktitle={Machine learning},
  pages={555--610},
  year={1990},
  publisher={Elsevier}
}

@article{alzamzami2020light,
  title={Light Gradient Boosting Machine for General Sentiment Classification on Short Texts: A Comparative Evaluation},
  author={Alzamzami, Fatimah and Hoda, Mohamad and El Saddik, Abdulmotaleb},
  journal={IEEE Access},
  volume={8},
  pages={101840--101858},
  year={2020},
  publisher={IEEE}
}

@article{dreiseitl2002logistic,
  title={Logistic regression and artificial neural network classification models: a methodology review},
  author={Dreiseitl, Stephan and Ohno-Machado, Lucila},
  journal={Journal of biomedical informatics},
  volume={35},
  number={5-6},
  pages={352--359},
  year={2002},
  publisher={Elsevier}
}

@incollection{izenman2013multivariate,
  title={Multivariate regression},
  author={Izenman, Alan Julian},
  booktitle={Modern multivariate statistical techniques},
  pages={159--194},
  year={2013},
  publisher={Springer}
}

@article{zhang2008sparsity,
  title={The sparsity and bias of the lasso selection in high-dimensional linear regression},
  author={Zhang, Cun-Hui and Huang, Jian},
  journal={The Annals of Statistics},
  volume={36},
  number={4},
  pages={1567--1594},
  year={2008},
  publisher={Institute of Mathematical Statistics}
}

@article{mcdonald2009ridge,
  title={Ridge regression},
  author={McDonald, Gary C},
  journal={Wiley Interdisciplinary Reviews: Computational Statistics},
  volume={1},
  number={1},
  pages={93--100},
  year={2009},
  publisher={Wiley Online Library}
}

@article{ostertagova2012modelling,
  title={Modelling using polynomial regression},
  author={Ostertagov{\'a}, Eva},
  journal={Procedia Engineering},
  volume={48},
  pages={500--506},
  year={2012},
  publisher={Elsevier}
}

@article{segal2004machine,
  title={Machine learning benchmarks and random forest regression},
  author={Segal, Mark R},
  year={2004}
}

@article{geurts2006extremely,
  title={Extremely randomized trees},
  author={Geurts, Pierre and Ernst, Damien and Wehenkel, Louis},
  journal={Machine learning},
  volume={63},
  number={1},
  pages={3--42},
  year={2006},
  publisher={Springer}
}

@article{browne2000cross,
  title={Cross-validation methods},
  author={Browne, Michael W},
  journal={Journal of mathematical psychology},
  volume={44},
  number={1},
  pages={108--132},
  year={2000},
  publisher={Elsevier}
}

@inproceedings{kohavi1995study,
  title={A study of cross-validation and bootstrap for accuracy estimation and model selection},
  author={Kohavi, Ron and others},
  booktitle={Ijcai},
  volume={14},
  number={2},
  pages={1137--1145},
  year={1995},
  organization={Montreal, Canada}
}

@article{fortunato2014review,
  title={A review of studies on neuromarketing: Practical results, techniques, contributions and limitations},
  author={Fortunato, Vitor Costa Rozan and Giraldi, Janaina de Moura Engracia and De Oliveira, Jorge Henrique Caldeira},
  journal={Journal of Management Research},
  volume={6},
  number={2},
  pages={201},
  year={2014},
  publisher={Macrothink Institute Inc.}
}

@article{yadava2017analysis,
  title={Analysis of EEG signals and its application to neuromarketing},
  author={Yadava, Mahendra and Kumar, Pradeep and Saini, Rajkumar and Roy, Partha Pratim and Dogra, Debi Prosad},
  journal={Multimedia Tools and Applications},
  volume={76},
  number={18},
  pages={19087--19111},
  year={2017},
  publisher={Springer}
}

@article{rosenlacher2020effect,
  title={The effect of sensory marketing from the perspective of neuromarketing},
  author={Rosenlacher, Pavel and Tich{\`y}, Jarom{\'\i}r},
  journal={GRANT},
  pages={77},
  year={2020}
}

@article{cuesta2018case,
  title={A case study in neuromarketing: Analysis of the influence of music on advertising effectivenes through eye-tracking, facial emotion and GSR},
  author={Cuesta, Ubaldo and Mart{\'\i}nez-Mart{\'\i}nez, Luz and Ni{\~n}o, Jose Ignacio},
  journal={Eur. J. Soc. Sci. Educ. Res},
  volume={5},
  number={2},
  pages={73--82},
  year={2018}
}

@inproceedings{ungureanu2017neuromarketing,
  title={Neuromarketing and visual attention study using eye tracking techniques},
  author={Ungureanu, Florina and Lupu, Robert Gabriel and Cadar, Adrian and Prodan, Adrian},
  booktitle={2017 21st international conference on system theory, control and computing (ICSTCC)},
  pages={553--557},
  year={2017},
  organization={IEEE}
}

@article{waskom2021seaborn,
  title={Seaborn: statistical data visualization},
  author={Waskom, Michael L},
  journal={Journal of Open Source Software},
  volume={6},
  number={60},
  pages={3021},
  year={2021}
}

@article{kim2015analysis,
  title={Analysis of user’s behaviors and growth factors of shopping mall using bigdata},
  author={Kim, Dong Woo and Kang, Tae Gu and Li, Guozhong and Park, Seong Taek},
  journal={Indian Journal of Science and Technology},
  volume={8},
  number={25},
  pages={1--8},
  year={2015}
}

@ARTICLE{1222043,
  author={Snoonian, D.},
  journal={IEEE Spectrum}, 
  title={Smart buildings}, 
  year={2003},
  volume={40},
  number={8},
  pages={18-23},
  doi={10.1109/MSPEC.2003.1222043}}